<record><leader>00000cas a22000007a 4500</leader><controlfield tag="001">14987121</controlfield><controlfield tag="008">861217c19609999pauwr ne      0    0eng d</controlfield><datafield ind1=" " ind2=" " tag="010"><subfield code="a">sn 89077861 </subfield></datafield><datafield ind1=" " ind2=" " tag="040"><subfield code="a">PLF</subfield><subfield code="b">eng</subfield><subfield code="c">PLF</subfield><subfield code="d">NPH</subfield><subfield code="d">OCLCQ</subfield></datafield><datafield ind1="0" ind2="4" tag="245"><subfield code="a">The News of Delaware County.</subfield></datafield><datafield ind1="1" ind2="3" tag="246"><subfield code="a">News</subfield></datafield><datafield ind1=" " ind2=" " tag="260"><subfield code="a">[Upper Darby, Pa. :</subfield><subfield code="b">Suburban Newspapers],</subfield><subfield code="c">1960-</subfield></datafield><datafield ind1=" " ind2=" " tag="300"><subfield code="a">v. :</subfield><subfield code="b">ill.</subfield></datafield><datafield ind1=" " ind2=" " tag="310"><subfield code="a">Weekly,</subfield><subfield code="b">Nov. 24, 1977&lt;-&gt;</subfield></datafield><datafield ind1=" " ind2=" " tag="321"><subfield code="a">Semiweekly,</subfield><subfield code="b">Apr. 6-Nov. 17, 1977</subfield></datafield><datafield ind1=" " ind2=" " tag="321"><subfield code="a">Weekly,</subfield><subfield code="b">Jan. 7, 1960-Mar. 31, 1977</subfield></datafield><datafield ind1="0" ind2=" " tag="362"><subfield code="a">Vol. 27, no. 26 (Jan. 7, 1960)-</subfield></datafield><datafield ind1=" " ind2=" " tag="500"><subfield code="a">"Formerly the Upper Darby news."</subfield></datafield><datafield ind1=" " ind2=" " tag="500"><subfield code="a">"The nation's largest community newspaper."</subfield></datafield><datafield ind1=" " ind2=" " tag="500"><subfield code="a">From Apr. 6-Nov. 17, 1977, Wednesday issues called also "Mid-week edition" and Saturday issues called also "Weekend edition."</subfield></datafield><datafield ind1=" " ind2=" " tag="500"><subfield code="a">Published in various editions.</subfield></datafield><datafield ind1=" " ind2=" " tag="752"><subfield code="a">United States</subfield><subfield code="b">Pennsylvania</subfield><subfield code="c">Delaware</subfield><subfield code="d">Upper Darby.</subfield></datafield><datafield ind1="0" ind2="0" tag="780"><subfield code="t">Upper Darby news</subfield><subfield code="w">(DLC)sn 89077225</subfield></datafield></record>